@article{mol2vec,
  title   = {Mol2vec: Unsupervised machine learning approach with chemical intuition},
  url     = {https://pubs.acs.org/doi/10.1021/acs.jcim.7b00616},
  journal = {Journal of Chemical Information and Modeling},
  author  = {Jaeger, Sabrina and Fulle, Simone and Turk, Samo},
  year    = {2018}
}
@article{chen-2020,
  author  = {Chen, Ting and Kornblith, Simon and Norouzi, Mohammad and Hinton, Geoffrey E.},
  journal = {arXiv (Cornell University)},
  month   = {2},
  title   = {{A simple framework for contrastive learning of visual representations}},
  year    = {2020},
  url     = {http://export.arxiv.org/pdf/2002.05709}
}
@article{gao-2021,
  author  = {Gao, Tianyu and Yao, Xingcheng and Chen, Danqi},
  journal = {Proceedings of the 2021 Conference on Empirical Methods in Natural Language Processing},
  month   = {1},
  title   = {{SIMCSE: Simple Contrastive Learning of Sentence Embeddings}},
  year    = {2021},
  doi     = {10.18653/v1/2021.emnlp-main.552},
  url     = {https://doi.org/10.18653/v1/2021.emnlp-main.552}
}
@article{velickovic-2018,
  author  = {Veličković, Petar and Cucurull, Guillem and Casanova, Arantxa and Romero, Adriana and Lió, Píetro and Bengio, Yoshua},
  journal = {arXiv (Cornell University)},
  month   = {2},
  title   = {{Graph attention networks}},
  year    = {2018},
  doi     = {10.17863/cam.48429},
  url     = {https://arxiv.org/pdf/1710.10903.pdf}
}
@article{ying-2018,
  author  = {Ying, Zhitao and You, Jiaxuan and Morris, Christopher J. and Ren, Xiang and Hamilton, William L. and Leskovec, Jure},
  journal = {neural information processing systems},
  month   = {12},
  pages   = {4805--4815},
  title   = {{Hierarchical graph representation learning with differentiable pooling}},
  volume  = {31},
  year    = {2018},
  url     = {https://arxiv.org/pdf/1710.10903.pdf}
}
@article{brody-2021,
  author  = {Brody, Shaked and Alon, Uri and Yahav, Eran},
  journal = {arXiv (Cornell University)},
  month   = {5},
  title   = {{How Attentive are Graph Attention Networks?}},
  year    = {2021},
  doi     = {10.48550/arxiv.2105.14491},
  url     = {https://arxiv.org/abs/2105.14491}
}
@article{wang-2020,
  author  = {Wang, Wenhui and Wei, Furu and Dong, Li and Bao, Hangbo and Yang, Nan and Zhou, Ming},
  journal = {arXiv (Cornell University)},
  month   = {2},
  title   = {{MINILM: Deep Self-Attention Distillation for Task-Agnostic Compression of Pre-Trained Transformers}},
  year    = {2020},
  url     = {https://arxiv.org/pdf/2002.10957.pdf}
}
@article{sun-2020,
  author  = {Sun, Yifan and Cheng, Changmao and Zhang, Yuhan and Zhang, Chi and Zheng, Liang and Wang, Zhongdao and Wei, Yichen},
  journal = {arXiv (Cornell University)},
  month   = {2},
  title   = {{Circle Loss: A Unified Perspective of Pair Similarity Optimization}},
  year    = {2020},
  doi     = {10.48550/arxiv.2002.10857},
  url     = {https://arxiv.org/abs/2002.10857}
}
@article{bachanowski-2023,
  author  = {Bałchanowski, Michał and Boryczka, Urszula},
  journal = {Entropy},
  month   = {1},
  number  = {1},
  pages   = {132},
  title   = {{A comparative study of rank aggregation methods in recommendation systems}},
  volume  = {25},
  year    = {2023},
  doi     = {10.3390/e25010132},
  url     = {https://doi.org/10.3390/e25010132}
}
@article{montague-2002,
  author  = {Montague, Mark and Aslam, Javed A.},
  journal = {Proceedings of the eleventh international conference on Information and knowledge management},
  month   = {11},
  title   = {{Condorcet fusion for improved retrieval}},
  year    = {2002},
  doi     = {10.1145/584792.584881},
  url     = {https://doi.org/10.1145/584792.584881}
}
@article{cormack-2009,
  author  = {Cormack, Gordon V. and Clarke, Charles L. A. and Buettcher, Stefan},
  journal = {Association for Computing Machinery},
  month   = {7},
  title   = {{Reciprocal rank fusion outperforms condorcet and individual rank learning methods}},
  year    = {2009},
  doi     = {10.1145/1571941.1572114},
  url     = {https://doi.org/10.1145/1571941.1572114}
}
@article{powell-1964,
  author  = {Powell, M. J. D.},
  journal = {The Computer Journal},
  month   = {2},
  number  = {2},
  pages   = {155--162},
  title   = {{An efficient method for finding the minimum of a function of several variables without calculating derivatives}},
  volume  = {7},
  year    = {1964},
  doi     = {10.1093/comjnl/7.2.155},
  url     = {https://doi.org/10.1093/comjnl/7.2.155}
}
@misc{pathnn,
  title         = {Path Neural Networks: Expressive and Accurate Graph Neural Networks},
  author        = {Gaspard Michel and Giannis Nikolentzos and Johannes Lutzeyer and Michalis Vazirgiannis},
  year          = {2023},
  eprint        = {2306.05955},
  archiveprefix = {arXiv},
  primaryclass  = {cs.LG}
}
@misc{graphormers,
  title         = {Do Transformers Really Perform Bad for Graph Representation?},
  author        = {Chengxuan Ying and Tianle Cai and Shengjie Luo and Shuxin Zheng and Guolin Ke and Di He and Yanming Shen and Tie-Yan Liu},
  year          = {2021},
  eprint        = {2106.05234},
  archiveprefix = {arXiv},
  primaryclass  = {cs.LG}
}
@misc{gcn,
  title         = {Semi-Supervised Classification with Graph Convolutional Networks},
  author        = {Thomas N. Kipf and Max Welling},
  year          = {2017},
  eprint        = {1609.02907},
  archiveprefix = {arXiv},
  primaryclass  = {cs.LG}
}
@misc{graphsage,
  title         = {Inductive Representation Learning on Large Graphs},
  author        = {William L. Hamilton and Rex Ying and Jure Leskovec},
  year          = {2018},
  eprint        = {1706.02216},
  archiveprefix = {arXiv},
  primaryclass  = {cs.SI}
}